<record><leader>00000cas a22000007a 4500</leader><controlfield tag="001">13775862</controlfield><controlfield tag="008">860625d18701872nvuir ne      0    0eng d</controlfield><datafield ind1=" " ind2=" " tag="010"><subfield code="a">sn 86076215 </subfield></datafield><datafield ind1=" " ind2=" " tag="040"><subfield code="a">NNX</subfield><subfield code="b">eng</subfield><subfield code="c">NNX</subfield><subfield code="d">CNK</subfield><subfield code="d">OCL</subfield><subfield code="d">OCLCQ</subfield></datafield><datafield ind1=" " ind2=" " tag="042"><subfield code="a">msc</subfield></datafield><datafield ind1="0" ind2=" " tag="130"><subfield code="a">Ely record (Pioche, Nev.)</subfield></datafield><datafield ind1="1" ind2="4" tag="245"><subfield code="a">The Ely record.</subfield></datafield><datafield ind1="1" ind2="3" tag="246"><subfield code="a">Tri-weekly Ely record</subfield><subfield code="f">&lt;Sept. 1&gt;-15, 1872</subfield></datafield><datafield ind1=" " ind2=" " tag="260"><subfield code="a">Pioche City, Lincoln County, Nev. :</subfield><subfield code="b">Holland &amp; Simpson</subfield></datafield><datafield ind1=" " ind2=" " tag="300"><subfield code="a">v.</subfield></datafield><datafield ind1=" " ind2=" " tag="310"><subfield code="a">Three times a week,</subfield><subfield code="b">&lt;Sept. 1&gt;-15, 1872</subfield></datafield><datafield ind1=" " ind2=" " tag="321"><subfield code="a">Semiweekly,</subfield><subfield code="b">&lt;Dec 7-17, 1871&gt;</subfield></datafield><datafield ind1="1" ind2=" " tag="362"><subfield code="a">Began with Sept. 17, 1870 issue.</subfield><subfield code="z">Cf. Lingenfelter, R. Newspapers of Nev., 1854-1979.</subfield></datafield><datafield ind1="0" ind2=" " tag="362"><subfield code="a">-v. 4, no. 74 (Sept. 15, 1872).</subfield></datafield><datafield ind1=" " ind2=" " tag="588"><subfield code="a">Description based on: Vol. 3, no. 20 (Dec. 7, 1871); title from publisher's statement: Tri-weekly Ely record.</subfield></datafield><datafield ind1=" " ind2=" " tag="752"><subfield code="a">United States</subfield><subfield code="b">Nevada</subfield><subfield code="c">Lincoln</subfield><subfield code="d">Pioche.</subfield></datafield><datafield ind1="0" ind2="0" tag="785"><subfield code="t">Pioche daily record</subfield><subfield code="w">(DLC)sn 84022048</subfield><subfield code="w">(OCoLC)10267581</subfield></datafield><datafield ind1="1" ind2=" " tag="029"><subfield code="a">AU@</subfield><subfield code="b">000022774892</subfield></datafield></record>